@article{Sample2000,
  author   = "P. J. Cohen",
  title    = "The independence of the continuum hypothesis",
  journal  = "Proceedings of the National Academy of Sciences",
  year     = 1963,
  volume   = "50",
  number   = "6",
  pages    = "1143--1148",
}

@article{Ford,
  author   = "Kevin Ford",
  title    = "The distribution of integers with a divisor in a given interval",
  journal  = "Annals of Mathematics",
  year     = 2008,
  volume   = "168",
  pages    = "367--433",
}

@article{Solymosi,
  author   = "JÃ³zsef Solymosi",
  title    = "Bounding multiplicative energy by the sumset",
  journal  = "Advances in Mathematics",
  year     = 2009,
  volume   = "222",
  pages    = "402--408",
}